@article{lee2015carbayesst,
  title={CARBayesST: An R Package for Spatio-temporal Areal Unit Modelling with Conditional Autoregressive Priors},
  author={Lee, Duncan and Rushworth, Alastair and Napier, Gary},
  year={2015}
}
@article{besag1991bayesian,
  title={Bayesian image restoration, with two applications in spatial statistics},
  author={Besag, Julian and York, Jeremy and Molli{\'e}, Annie},
  journal={Annals of the institute of statistical mathematics},
  volume={43},
  number={1},
  pages={1--20},
  year={1991},
  publisher={Springer}
}
@incollection{leroux2000estimation,
  title={Estimation of disease rates in small areas: a new mixed model for spatial dependence},
  author={Leroux, Brian G and Lei, Xingye and Breslow, Norman},
  booktitle={Statistical models in epidemiology, the environment, and clinical trials},
  pages={179--191},
  year={2000},
  publisher={Springer}
}
@article{carpenter2016stan,
  title={Stan: A probabilistic programming language},
  author={Carpenter, Bob and Gelman, Andrew and Hoffman, Matt and Lee, Daniel and Goodrich, Ben and Betancourt, Michael and Brubaker, Michael A and Guo, Jiqiang and Li, Peter and Riddell, Allen},
  journal={J Stat Softw},
  year={2016}
}